@inproceedings{ryoo2008optimization,
  title={Optimization principles and application performance evaluation of a multithreaded GPU using CUDA},
  author={Ryoo, Shane and Rodrigues, Christopher I and Baghsorkhi, Sara S and Stone, Sam S and Kirk, David B and Hwu, Wen-mei W},
  booktitle={Proceedings of the 13th ACM SIGPLAN Symposium on Principles and practice of parallel programming},
  pages={73--82},
  year={2008},
  organization={ACM}
}