@misc{ethash, 
title={Ethash}, 
url={https://github.com/ethereum/wiki/wiki/Ethash}, 
journal={GitHub}, 
author={Ethereum}
}

@article{tromp2014cuckoo,
  title={Cuckoo Cycle: a memory-hard proof-of-work system.},
  author={Tromp, John},
  journal={IACR Cryptology ePrint Archive},
  volume={2014},
  pages={59},
  year={2014}
}

@article{memohash,
  title={Strict Memory Hard Hashing Functions},
  author={Sergio Demian Lerner}
}

