@misc{nakamoto2008bitcoin,
  title={Bitcoin: A peer-to-peer electronic cash system},
  author={Nakamoto, Satoshi},
  year={2008}
}

@article{laurie2004proof,
  title={Proof-of-Work Proves Not to Work},
  author={Laurie, Ben and Clayton, Richard},
  year={2004}
}

@techreport{percival2016scrypt,
  title={The scrypt password-based key derivation function},
  author={Percival, Colin and Josefsson, Simon},
  year={2016}
}

@techreport{dagger,
  title={Momentum - A Memory-hard Proof-of-Work Via Finding Birthday Collisions},
  author={Daniel Larimer},
  year={2013}
}

@techreport{memohash,
  title={Strict Memory Hard Hashing Functions},
  author={Sergio Demian Lerner},
  year={2014}
}

@misc{back2002hashcash,
  title={Hashcash - a denial of service counter-measure},
  author={Back, Adam and others},
  year={2002}
}

@article{rivest1996time,
  title={Time-lock puzzles and timed-release crypto},
  author={Rivest, Ronald L and Shamir, Adi and Wagner, David A},
  year={1996},
  publisher={Massachusetts Institute of Technology}
}
