@article{rivest2006leak,
  title={How to leak a secret: Theory and applications of ring signatures},
  author={Rivest, Ronald L and Shamir, Adi and Tauman, Yael},
  journal={Essays in memory of Shimon Even},
  volume={3895},
  pages={164--186},
  year={2006},
  publisher={Springer}
}

@article{bertoni2009keccak,
  title={Keccak specifications},
  author={Bertoni, Guido and Daemen, Joan and Peeters, Micha{\"e}l and Van Assche, Gilles},
  journal={Submission to NIST (Round 2)},
  year={2009}
}

@book{daemen2013design,
  title={The design of Rijndael: AES-the advanced encryption standard},
  author={Daemen, Joan and Rijmen, Vincent},
  year={2013},
  publisher={Springer Science \& Business Media}
}

@techreport{percival2016scrypt,
  title={The scrypt password-based key derivation function},
  author={Percival, Colin and Josefsson, Simon},
  year={2016}
}